{
    "Quarters": {
        "Sep '13": {
            "total_income": {
                "values": [
                    9806.5
                ],
                "sum": 9806.5
            },
            "total_expenditure": {
                "values": [
                    -19.7,
                    574.4,
                    23.0,
                    4653.5,
                    177.1,
                    0.0,
                    2240.4
                ],
                "sum": 7648.700000000001
            },
            "total_revenue": {
                "values": [
                    2157.7999999999993
                ],
                "sum": 2157.7999999999993
            }
        },
        "Dec '13": {
            "total_income": {
                "values": [
                    10069.1
                ],
                "sum": 10069.1
            },
            "total_expenditure": {
                "values": [
                    187.5,
                    453.3,
                    -41.0,
                    4648.2,
                    187.3,
                    0.0,
                    2326.2
                ],
                "sum": 7761.5
            },
            "total_revenue": {
                "values": [
                    2307.6000000000004
                ],
                "sum": 2307.6000000000004
            }
        },
        "Mar '14": {
            "total_income": {
                "values": [
                    10401.8
                ],
                "sum": 10401.8
            },
            "total_expenditure": {
                "values": [
                    2.4,
                    724.4,
                    51.0,
                    4653.8,
                    194.0,
                    0.0,
                    2237.9
                ],
                "sum": 7863.5
            },
            "total_revenue": {
                "values": [
                    2538.2999999999993
                ],
                "sum": 2538.2999999999993
            }
        },
        "Jun '14": {
            "total_income": {
                "values": [
                    10104.1
                ],
                "sum": 10104.1
            },
            "total_expenditure": {
                "values": [
                    1.9,
                    550.4,
                    -6.4,
                    4776.5,
                    187.0,
                    0.0,
                    2339.8
                ],
                "sum": 7849.2
            },
            "total_revenue": {
                "values": [
                    2254.9000000000005
                ],
                "sum": 2254.9000000000005
            }
        },
        "Sep '14": {
            "total_income": {
                "values": [
                    10358.2
                ],
                "sum": 10358.2
            },
            "total_expenditure": {
                "values": [
                    0.9,
                    547.6,
                    -36.1,
                    4997.4,
                    190.1,
                    0.0,
                    2485.5
                ],
                "sum": 8185.4
            },
            "total_revenue": {
                "values": [
                    2172.800000000001
                ],
                "sum": 2172.800000000001
            }
        },
        "Dec '14": {
            "total_income": {
                "values": [
                    10521.2
                ],
                "sum": 10521.2
            },
            "total_expenditure": {
                "values": [
                    0.6,
                    636.3,
                    -166.2,
                    4974.6,
                    200.4,
                    0.0,
                    2699.5
                ],
                "sum": 8345.2
            },
            "total_revenue": {
                "values": [
                    2176.0
                ],
                "sum": 2176.0
            }
        },
        "Mar '15": {
            "total_income": {
                "values": [
                    10651.5
                ],
                "sum": 10651.5
            },
            "total_expenditure": {
                "values": [
                    0.0,
                    722.1,
                    -45.6,
                    4977.7,
                    200.9,
                    0.0,
                    2554.0
                ],
                "sum": 8409.099999999999
            },
            "total_revenue": {
                "values": [
                    2242.4000000000015
                ],
                "sum": 2242.4000000000015
            }
        },
        "Jun '15": {
            "total_income": {
                "values": [
                    10775.4
                ],
                "sum": 10775.4
            },
            "total_expenditure": {
                "values": [
                    0.1,
                    709.6,
                    10.8,
                    5182.9,
                    200.4,
                    0.0,
                    2547.3
                ],
                "sum": 8651.099999999999
            },
            "total_revenue": {
                "values": [
                    2124.300000000001
                ],
                "sum": 2124.300000000001
            }
        },
        "Sep '15": {
            "total_income": {
                "values": [
                    11036.9
                ],
                "sum": 11036.9
            },
            "total_expenditure": {
                "values": [
                    0.0,
                    586.1,
                    -84.1,
                    5327.2,
                    207.0,
                    0.0,
                    2734.2
                ],
                "sum": 8770.4
            },
            "total_revenue": {
                "values": [
                    2266.5
                ],
                "sum": 2266.5
            }
        },
        "Dec '15": {
            "total_income": {
                "values": [
                    11206.9
                ],
                "sum": 11206.9
            },
            "total_expenditure": {
                "values": [
                    0.0,
                    643.3,
                    -16.4,
                    5334.0,
                    230.4,
                    0.0,
                    2981.3
                ],
                "sum": 9172.599999999999
            },
            "total_revenue": {
                "values": [
                    2034.300000000001
                ],
                "sum": 2034.300000000001
            }
        },
        "Mar '16": {
            "total_income": {
                "values": [
                    11661.5
                ],
                "sum": 11661.5
            },
            "total_expenditure": {
                "values": [
                    0.0,
                    716.9,
                    36.8,
                    5423.2,
                    237.6,
                    0.0,
                    2940.9
                ],
                "sum": 9355.4
            },
            "total_revenue": {
                "values": [
                    2306.1000000000004
                ],
                "sum": 2306.1000000000004
            }
        },
        "Jun '16": {
            "total_income": {
                "values": [
                    11587.5
                ],
                "sum": 11587.5
            },
            "total_expenditure": {
                "values": [
                    0.0,
                    701.8,
                    -55.9,
                    5527.6,
                    241.1,
                    0.0,
                    3091.6
                ],
                "sum": 9506.2
            },
            "total_revenue": {
                "values": [
                    2081.2999999999993
                ],
                "sum": 2081.2999999999993
            }
        },
        "Sep '16": {
            "total_income": {
                "values": [
                    11453.8
                ],
                "sum": 11453.8
            },
            "total_expenditure": {
                "values": [
                    0.0,
                    551.9,
                    78.2,
                    5568.8,
                    259.7,
                    0.0,
                    3033.0
                ],
                "sum": 9491.6
            },
            "total_revenue": {
                "values": [
                    1962.199999999999
                ],
                "sum": 1962.199999999999
            }
        },
        "Dec '16": {
            "total_income": {
                "values": [
                    11378.3
                ],
                "sum": 11378.3
            },
            "total_expenditure": {
                "values": [
                    0.0,
                    556.8,
                    -35.3,
                    5320.5,
                    281.7,
                    0.0,
                    3179.5
                ],
                "sum": 9303.2
            },
            "total_revenue": {
                "values": [
                    2075.0999999999985
                ],
                "sum": 2075.0999999999985
            }
        },
        "Mar '17": {
            "total_income": {
                "values": [
                    11628.2
                ],
                "sum": 11628.2
            },
            "total_expenditure": {
                "values": [
                    0.0,
                    376.4,
                    177.0,
                    5427.1,
                    265.2,
                    0.0,
                    2991.8
                ],
                "sum": 9237.5
            },
            "total_revenue": {
                "values": [
                    2390.7000000000007
                ],
                "sum": 2390.7000000000007
            }
        },
        "Jun '17": {
            "total_income": {
                "values": [
                    11152.8
                ],
                "sum": 11152.8
            },
            "total_expenditure": {
                "values": [
                    0.0,
                    523.9,
                    52.0,
                    5361.4,
                    251.2,
                    0.0,
                    2892.7
                ],
                "sum": 9081.199999999999
            },
            "total_revenue": {
                "values": [
                    2071.6000000000004
                ],
                "sum": 2071.6000000000004
            }
        },
        "Sep '17": {
            "total_income": {
                "values": [
                    11050.5
                ],
                "sum": 11050.5
            },
            "total_expenditure": {
                "values": [
                    0.0,
                    206.7,
                    25.7,
                    5377.0,
                    259.3,
                    0.0,
                    3031.8
                ],
                "sum": 8900.5
            },
            "total_revenue": {
                "values": [
                    2150.0
                ],
                "sum": 2150.0
            }
        },
        "Dec '17": {
            "total_income": {
                "values": [
                    11072.7
                ],
                "sum": 11072.7
            },
            "total_expenditure": {
                "values": [
                    0.0,
                    289.1,
                    50.9,
                    5399.7,
                    262.5,
                    0.0,
                    3214.8
                ],
                "sum": 9217.0
            },
            "total_revenue": {
                "values": [
                    1855.7000000000007
                ],
                "sum": 1855.7000000000007
            }
        },
        "Mar '18": {
            "total_income": {
                "values": [
                    11434.0
                ],
                "sum": 11434.0
            },
            "total_expenditure": {
                "values": [
                    0.0,
                    449.9,
                    -70.9,
                    5618.1,
                    241.8,
                    0.0,
                    3333.4
                ],
                "sum": 9572.300000000001
            },
            "total_revenue": {
                "values": [
                    1861.699999999999
                ],
                "sum": 1861.699999999999
            }
        },
        "Jun '18": {
            "total_income": {
                "values": [
                    11567.5
                ],
                "sum": 11567.5
            },
            "total_expenditure": {
                "values": [
                    0.0,
                    379.3,
                    -37.9,
                    5767.1,
                    242.7,
                    0.0,
                    3266.9
                ],
                "sum": 9618.1
            },
            "total_revenue": {
                "values": [
                    1949.3999999999996
                ],
                "sum": 1949.3999999999996
            }
        },
        "Sep '18": {
            "total_income": {
                "values": [
                    12002.3
                ],
                "sum": 12002.3
            },
            "total_expenditure": {
                "values": [
                    0.0,
                    237.8,
                    -4.1,
                    5933.5,
                    241.4,
                    0.0,
                    3782.3
                ],
                "sum": 10190.9
            },
            "total_revenue": {
                "values": [
                    1811.3999999999996
                ],
                "sum": 1811.3999999999996
            }
        },
        "Dec '18": {
            "total_income": {
                "values": [
                    12138.7
                ],
                "sum": 12138.7
            },
            "total_expenditure": {
                "values": [
                    0.0,
                    213.0,
                    7.1,
                    5948.0,
                    228.4,
                    0.0,
                    3321.3
                ],
                "sum": 9717.8
            },
            "total_revenue": {
                "values": [
                    2420.9000000000015
                ],
                "sum": 2420.9000000000015
            }
        },
        "Mar '19": {
            "total_income": {
                "values": [
                    12395.8
                ],
                "sum": 12395.8
            },
            "total_expenditure": {
                "values": [
                    0.0,
                    311.9,
                    -20.4,
                    6159.9,
                    221.8,
                    0.0,
                    4077.5
                ],
                "sum": 10750.7
            },
            "total_revenue": {
                "values": [
                    1645.0999999999985
                ],
                "sum": 1645.0999999999985
            }
        },
        "Jun '19": {
            "total_income": {
                "values": [
                    12061.3
                ],
                "sum": 12061.3
            },
            "total_expenditure": {
                "values": [
                    0.0,
                    252.7,
                    -16.7,
                    6253.1,
                    274.6,
                    0.0,
                    3307.7
                ],
                "sum": 10071.400000000001
            },
            "total_revenue": {
                "values": [
                    1989.8999999999978
                ],
                "sum": 1989.8999999999978
            }
        },
        "Sep '19": {
            "total_income": {
                "values": [
                    12522.6
                ],
                "sum": 12522.6
            },
            "total_expenditure": {
                "values": [
                    0.0,
                    116.7,
                    148.7,
                    6548.0,
                    263.8,
                    0.0,
                    3133.2
                ],
                "sum": 10210.4
            },
            "total_revenue": {
                "values": [
                    2312.2000000000007
                ],
                "sum": 2312.2000000000007
            }
        },
        "Dec '19": {
            "total_income": {
                "values": [
                    12695.9
                ],
                "sum": 12695.9
            },
            "total_expenditure": {
                "values": [
                    0.0,
                    184.7,
                    17.4,
                    6559.3,
                    293.7,
                    0.0,
                    3194.4
                ],
                "sum": 10249.5
            },
            "total_revenue": {
                "values": [
                    2446.3999999999996
                ],
                "sum": 2446.3999999999996
            }
        },
        "Mar '20": {
            "total_income": {
                "values": [
                    13127.2
                ],
                "sum": 13127.2
            },
            "total_expenditure": {
                "values": [
                    0.0,
                    244.2,
                    10.5,
                    6811.4,
                    309.0,
                    0.0,
                    3434.3
                ],
                "sum": 10809.4
            },
            "total_revenue": {
                "values": [
                    2317.800000000001
                ],
                "sum": 2317.800000000001
            }
        },
        "Jun '20": {
            "total_income": {
                "values": [
                    12192.9
                ],
                "sum": 12192.9
            },
            "total_expenditure": {
                "values": [
                    0.0,
                    137.0,
                    43.0,
                    6424.2,
                    321.7,
                    0.0,
                    2994.2
                ],
                "sum": 9920.099999999999
            },
            "total_revenue": {
                "values": [
                    2272.800000000001
                ],
                "sum": 2272.800000000001
            }
        },
        "Sep '20": {
            "total_income": {
                "values": [
                    12250.4
                ],
                "sum": 12250.4
            },
            "total_expenditure": {
                "values": [
                    0.0,
                    153.7,
                    20.5,
                    6661.3,
                    350.9,
                    23.7,
                    2709.3
                ],
                "sum": 9919.4
            },
            "total_revenue": {
                "values": [
                    2331.0
                ],
                "sum": 2331.0
            }
        },
        "Dec '20": {
            "total_income": {
                "values": [
                    12596.1
                ],
                "sum": 12596.1
            },
            "total_expenditure": {
                "values": [
                    0.0,
                    126.5,
                    -24.0,
                    6597.9,
                    333.4,
                    23.9,
                    2673.4
                ],
                "sum": 9731.099999999999
            },
            "total_revenue": {
                "values": [
                    2865.000000000002
                ],
                "sum": 2865.000000000002
            }
        },
        "Mar '21": {
            "total_income": {
                "values": [
                    13260.0
                ],
                "sum": 13260.0
            },
            "total_expenditure": {
                "values": [
                    0.0,
                    170.7,
                    -5.0,
                    6783.9,
                    343.3,
                    25.5,
                    2705.9
                ],
                "sum": 10024.3
            },
            "total_revenue": {
                "values": [
                    3235.7000000000007
                ],
                "sum": 3235.7000000000007
            }
        },
        "Jun '21": {
            "total_income": {
                "values": [
                    13990.1
                ],
                "sum": 13990.1
            },
            "total_expenditure": {
                "values": [
                    0.0,
                    124.5,
                    12.4,
                    7392.4,
                    355.0,
                    0.0,
                    3537.0
                ],
                "sum": 11421.3
            },
            "total_revenue": {
                "values": [
                    2568.800000000001
                ],
                "sum": 2568.800000000001
            }
        },
        "Sep '21": {
            "total_income": {
                "values": [
                    14720.0
                ],
                "sum": 14720.0
            },
            "total_expenditure": {
                "values": [
                    0.0,
                    88.9,
                    5.5,
                    7755.7,
                    357.9,
                    0.0,
                    3801.5
                ],
                "sum": 12009.5
            },
            "total_revenue": {
                "values": [
                    2710.5
                ],
                "sum": 2710.5
            }
        },
        "Dec '21": {
            "total_income": {
                "values": [
                    15278.7
                ],
                "sum": 15278.7
            },
            "total_expenditure": {
                "values": [
                    0.0,
                    180.8,
                    -30.8,
                    8004.6,
                    377.8,
                    0.0,
                    3976.2
                ],
                "sum": 12508.599999999999
            },
            "total_revenue": {
                "values": [
                    2770.100000000002
                ],
                "sum": 2770.100000000002
            }
        },
        "Mar '22": {
            "total_income": {
                "values": [
                    15585.6
                ],
                "sum": 15585.6
            },
            "total_expenditure": {
                "values": [
                    0.0,
                    94.6,
                    6.5,
                    8389.7,
                    395.0,
                    45.4,
                    3778.3
                ],
                "sum": 12709.5
            },
            "total_revenue": {
                "values": [
                    2876.1000000000004
                ],
                "sum": 2876.1000000000004
            }
        },
        "Jun '22": {
            "total_income": {
                "values": [
                    16255.6
                ],
                "sum": 16255.6
            },
            "total_expenditure": {
                "values": [
                    0.0,
                    139.6,
                    -41.9,
                    8684.7,
                    394.9,
                    0.0,
                    4378.6
                ],
                "sum": 13555.900000000001
            },
            "total_revenue": {
                "values": [
                    2699.699999999999
                ],
                "sum": 2699.699999999999
            }
        },
        "Sep '22": {
            "total_income": {
                "values": [
                    16941.8
                ],
                "sum": 16941.8
            },
            "total_expenditure": {
                "values": [
                    0.0,
                    113.2,
                    -10.8,
                    9517.9,
                    405.2,
                    0.0,
                    4276.1
                ],
                "sum": 14301.6
            },
            "total_revenue": {
                "values": [
                    2640.199999999999
                ],
                "sum": 2640.199999999999
            }
        },
        "Dec '22": {
            "total_income": {
                "values": [
                    17078.7
                ],
                "sum": 17078.7
            },
            "total_expenditure": {
                "values": [
                    0.0,
                    110.2,
                    -14.4,
                    9376.9,
                    408.1,
                    0.0,
                    4454.3
                ],
                "sum": 14335.099999999999
            },
            "total_revenue": {
                "values": [
                    2743.600000000002
                ],
                "sum": 2743.600000000002
            }
        },
        "Mar '23": {
            "total_income": {
                "values": [
                    17477.3
                ],
                "sum": 17477.3
            },
            "total_expenditure": {
                "values": [
                    0.0,
                    15.2,
                    63.6,
                    9622.1,
                    383.9,
                    0.0,
                    4932.4
                ],
                "sum": 15017.199999999999
            },
            "total_revenue": {
                "values": [
                    2460.1000000000004
                ],
                "sum": 2460.1000000000004
            }
        },
        "Jun '23": {
            "total_income": {
                "values": [
                    17202.8
                ],
                "sum": 17202.8
            },
            "total_expenditure": {
                "values": [
                    0.0,
                    92.0,
                    -13.3,
                    9735.6,
                    376.7,
                    0.0,
                    4127.9
                ],
                "sum": 14318.900000000001
            },
            "total_revenue": {
                "values": [
                    2883.899999999998
                ],
                "sum": 2883.899999999998
            }
        },
        "Sep '23": {
            "total_income": {
                "values": [
                    16680.7
                ],
                "sum": 16680.7
            },
            "total_expenditure": {
                "values": [
                    0.0,
                    74.9,
                    14.6,
                    9642.7,
                    370.8,
                    0.0,
                    4208.1
                ],
                "sum": 14311.1
            },
            "total_revenue": {
                "values": [
                    2369.6000000000004
                ],
                "sum": 2369.6000000000004
            }
        },
        "Dec '23": {
            "total_income": {
                "values": [
                    16315.7
                ],
                "sum": 16315.7
            },
            "total_expenditure": {
                "values": [
                    0.0,
                    49.6,
                    -1.5,
                    9317.5,
                    370.0,
                    0.0,
                    4167.2
                ],
                "sum": 13902.8
            },
            "total_revenue": {
                "values": [
                    2412.9000000000015
                ],
                "sum": 2412.9000000000015
            }
        },
        "Mar '24": {
            "total_income": {
                "values": [
                    16593.2
                ],
                "sum": 16593.2
            },
            "total_expenditure": {
                "values": [
                    0.0,
                    47.7,
                    18.1,
                    9593.7,
                    374.3,
                    0.0,
                    4040.8
                ],
                "sum": 14074.599999999999
            },
            "total_revenue": {
                "values": [
                    2518.600000000002
                ],
                "sum": 2518.600000000002
            }
        },
        "Jun '24": {
            "total_income": {
                "values": [
                    16481.3
                ],
                "sum": 16481.3
            },
            "total_expenditure": {
                "values": [
                    0.0,
                    55.4,
                    -3.9,
                    9199.8,
                    366.3,
                    0.0,
                    4037.4
                ],
                "sum": 13654.999999999998
            },
            "total_revenue": {
                "values": [
                    2826.300000000001
                ],
                "sum": 2826.300000000001
            }
        },
        "Sep '24": {
            "total_income": {
                "values": [
                    16895.8
                ],
                "sum": 16895.8
            },
            "total_expenditure": {
                "values": [
                    0.0,
                    67.5,
                    -10.1,
                    9503.6,
                    359.5,
                    0.0,
                    4072.5
                ],
                "sum": 13993.0
            },
            "total_revenue": {
                "values": [
                    2902.7999999999993
                ],
                "sum": 2902.7999999999993
            }
        }
    },
    "Total Revenue": [
        2157.7999999999993,
        2307.6000000000004,
        2538.2999999999993,
        2254.9000000000005,
        2172.800000000001,
        2176.0,
        2242.4000000000015,
        2124.300000000001,
        2266.5,
        2034.300000000001,
        2306.1000000000004,
        2081.2999999999993,
        1962.199999999999,
        2075.0999999999985,
        2390.7000000000007,
        2071.6000000000004,
        2150.0,
        1855.7000000000007,
        1861.699999999999,
        1949.3999999999996,
        1811.3999999999996,
        2420.9000000000015,
        1645.0999999999985,
        1989.8999999999978,
        2312.2000000000007,
        2446.3999999999996,
        2317.800000000001,
        2272.800000000001,
        2331.0,
        2865.000000000002,
        3235.7000000000007,
        2568.800000000001,
        2710.5,
        2770.100000000002,
        2876.1000000000004,
        2699.699999999999,
        2640.199999999999,
        2743.600000000002,
        2460.1000000000004,
        2883.899999999998,
        2369.6000000000004,
        2412.9000000000015,
        2518.600000000002,
        2826.300000000001,
        2902.7999999999993
    ]
}