{
    "Quarters": {
        "Sep '13": {
            "total_income": {
                "values": [
                    3843.81
                ],
                "sum": 3843.81
            },
            "total_expenditure": {
                "values": [
                    0.0,
                    0.0,
                    1286.78,
                    124.31,
                    934.01
                ],
                "sum": 2345.1
            },
            "total_revenue": {
                "values": [
                    1498.71
                ],
                "sum": 1498.71
            }
        },
        "Dec '13": {
            "total_income": {
                "values": [
                    3836.21
                ],
                "sum": 3836.21
            },
            "total_expenditure": {
                "values": [
                    0.0,
                    0.0,
                    1261.07,
                    120.11,
                    1012.66
                ],
                "sum": 2393.8399999999997
            },
            "total_revenue": {
                "values": [
                    1442.3700000000003
                ],
                "sum": 1442.3700000000003
            }
        },
        "Mar '14": {
            "total_income": {
                "values": [
                    4045.91
                ],
                "sum": 4045.91
            },
            "total_expenditure": {
                "values": [
                    0.0,
                    0.0,
                    1269.09,
                    119.04,
                    1065.65
                ],
                "sum": 2453.7799999999997
            },
            "total_revenue": {
                "values": [
                    1592.13
                ],
                "sum": 1592.13
            }
        },
        "Jun '14": {
            "total_income": {
                "values": [
                    4771.44
                ],
                "sum": 4771.44
            },
            "total_expenditure": {
                "values": [
                    0.0,
                    0.0,
                    1307.01,
                    127.24,
                    1050.21
                ],
                "sum": 2484.46
            },
            "total_revenue": {
                "values": [
                    2286.9799999999996
                ],
                "sum": 2286.9799999999996
            }
        },
        "Sep '14": {
            "total_income": {
                "values": [
                    4054.4
                ],
                "sum": 4054.4
            },
            "total_expenditure": {
                "values": [
                    0.0,
                    0.0,
                    1368.13,
                    69.35,
                    888.87
                ],
                "sum": 2326.35
            },
            "total_revenue": {
                "values": [
                    1728.0500000000002
                ],
                "sum": 1728.0500000000002
            }
        },
        "Dec '14": {
            "total_income": {
                "values": [
                    4247.59
                ],
                "sum": 4247.59
            },
            "total_expenditure": {
                "values": [
                    0.0,
                    0.0,
                    1457.59,
                    72.28,
                    924.99
                ],
                "sum": 2454.8599999999997
            },
            "total_revenue": {
                "values": [
                    1792.7300000000005
                ],
                "sum": 1792.7300000000005
            }
        },
        "Mar '15": {
            "total_income": {
                "values": [
                    4385.95
                ],
                "sum": 4385.95
            },
            "total_expenditure": {
                "values": [
                    0.0,
                    0.0,
                    1535.66,
                    74.52,
                    1101.37
                ],
                "sum": 2711.55
            },
            "total_revenue": {
                "values": [
                    1674.3999999999996
                ],
                "sum": 1674.3999999999996
            }
        },
        "Jun '15": {
            "total_income": {
                "values": [
                    4465.5
                ],
                "sum": 4465.5
            },
            "total_expenditure": {
                "values": [
                    111.33,
                    -25.39,
                    1563.24,
                    83.77,
                    1243.3
                ],
                "sum": 2976.25
            },
            "total_revenue": {
                "values": [
                    1489.25
                ],
                "sum": 1489.25
            }
        },
        "Sep '15": {
            "total_income": {
                "values": [
                    4350.15
                ],
                "sum": 4350.15
            },
            "total_expenditure": {
                "values": [
                    47.6,
                    -28.09,
                    1635.14,
                    88.38,
                    1115.68
                ],
                "sum": 2858.71
            },
            "total_revenue": {
                "values": [
                    1491.4399999999996
                ],
                "sum": 1491.4399999999996
            }
        },
        "Dec '15": {
            "total_income": {
                "values": [
                    4471.85
                ],
                "sum": 4471.85
            },
            "total_expenditure": {
                "values": [
                    37.18,
                    -16.08,
                    1651.37,
                    95.71,
                    1010.95
                ],
                "sum": 2779.13
            },
            "total_revenue": {
                "values": [
                    1692.7200000000003
                ],
                "sum": 1692.7200000000003
            }
        },
        "Mar '16": {
            "total_income": {
                "values": [
                    4612.64
                ],
                "sum": 4612.64
            },
            "total_expenditure": {
                "values": [
                    77.88,
                    -2.62,
                    1580.41,
                    92.8,
                    1131.49
                ],
                "sum": 2879.96
            },
            "total_revenue": {
                "values": [
                    1732.6800000000003
                ],
                "sum": 1732.6800000000003
            }
        },
        "Jun '16": {
            "total_income": {
                "values": [
                    4608.8
                ],
                "sum": 4608.8
            },
            "total_expenditure": {
                "values": [
                    64.52,
                    -38.35,
                    1569.51,
                    93.36,
                    904.06
                ],
                "sum": 2593.1
            },
            "total_revenue": {
                "values": [
                    2015.7000000000003
                ],
                "sum": 2015.7000000000003
            }
        },
        "Sep '16": {
            "total_income": {
                "values": [
                    4705.77
                ],
                "sum": 4705.77
            },
            "total_expenditure": {
                "values": [
                    14.51,
                    9.0,
                    1639.67,
                    102.27,
                    1080.12
                ],
                "sum": 2845.5699999999997
            },
            "total_revenue": {
                "values": [
                    1860.2000000000007
                ],
                "sum": 1860.2000000000007
            }
        },
        "Dec '16": {
            "total_income": {
                "values": [
                    4889.26
                ],
                "sum": 4889.26
            },
            "total_expenditure": {
                "values": [
                    23.81,
                    -8.78,
                    1694.91,
                    123.42,
                    1153.58
                ],
                "sum": 2986.94
            },
            "total_revenue": {
                "values": [
                    1902.3200000000002
                ],
                "sum": 1902.3200000000002
            }
        },
        "Mar '17": {
            "total_income": {
                "values": [
                    5114.48
                ],
                "sum": 5114.48
            },
            "total_expenditure": {
                "values": [
                    20.47,
                    76.76,
                    1939.29,
                    159.84,
                    1240.29
                ],
                "sum": 3436.65
            },
            "total_revenue": {
                "values": [
                    1677.8299999999995
                ],
                "sum": 1677.8299999999995
            }
        },
        "Jun '17": {
            "total_income": {
                "values": [
                    5179.0
                ],
                "sum": 5179.0
            },
            "total_expenditure": {
                "values": [
                    37.0,
                    35.0,
                    1761.0,
                    131.0,
                    1234.0
                ],
                "sum": 3198.0
            },
            "total_revenue": {
                "values": [
                    1981.0
                ],
                "sum": 1981.0
            }
        },
        "Sep '17": {
            "total_income": {
                "values": [
                    5460.0
                ],
                "sum": 5460.0
            },
            "total_expenditure": {
                "values": [
                    32.0,
                    -4.0,
                    1890.0,
                    184.0,
                    1243.0
                ],
                "sum": 3345.0
            },
            "total_revenue": {
                "values": [
                    2115.0
                ],
                "sum": 2115.0
            }
        },
        "Dec '17": {
            "total_income": {
                "values": [
                    5723.0
                ],
                "sum": 5723.0
            },
            "total_expenditure": {
                "values": [
                    34.0,
                    -1.0,
                    1878.0,
                    294.0,
                    1271.0
                ],
                "sum": 3476.0
            },
            "total_revenue": {
                "values": [
                    2247.0
                ],
                "sum": 2247.0
            }
        },
        "Mar '18": {
            "total_income": {
                "values": [
                    5711.0
                ],
                "sum": 5711.0
            },
            "total_expenditure": {
                "values": [
                    35.0,
                    20.0,
                    1836.0,
                    284.0,
                    1433.0
                ],
                "sum": 3608.0
            },
            "total_revenue": {
                "values": [
                    2103.0
                ],
                "sum": 2103.0
            }
        },
        "Jun '18": {
            "total_income": {
                "values": [
                    6013.0
                ],
                "sum": 6013.0
            },
            "total_expenditure": {
                "values": [
                    10.0,
                    31.0,
                    1861.0,
                    318.0,
                    1626.0
                ],
                "sum": 3846.0
            },
            "total_revenue": {
                "values": [
                    2167.0
                ],
                "sum": 2167.0
            }
        },
        "Sep '18": {
            "total_income": {
                "values": [
                    6485.0
                ],
                "sum": 6485.0
            },
            "total_expenditure": {
                "values": [
                    21.0,
                    -6.0,
                    2008.0,
                    312.0,
                    1773.0
                ],
                "sum": 4108.0
            },
            "total_revenue": {
                "values": [
                    2377.0
                ],
                "sum": 2377.0
            }
        },
        "Dec '18": {
            "total_income": {
                "values": [
                    6556.0
                ],
                "sum": 6556.0
            },
            "total_expenditure": {
                "values": [
                    77.0,
                    -8.0,
                    2064.0,
                    328.0,
                    1825.0
                ],
                "sum": 4286.0
            },
            "total_revenue": {
                "values": [
                    2270.0
                ],
                "sum": 2270.0
            }
        },
        "Mar '19": {
            "total_income": {
                "values": [
                    6958.0
                ],
                "sum": 6958.0
            },
            "total_expenditure": {
                "values": [
                    34.0,
                    5.0,
                    2146.0,
                    318.0,
                    2127.0
                ],
                "sum": 4630.0
            },
            "total_revenue": {
                "values": [
                    2328.0
                ],
                "sum": 2328.0
            }
        },
        "Jun '19": {
            "total_income": {
                "values": [
                    6765.0
                ],
                "sum": 6765.0
            },
            "total_expenditure": {
                "values": [
                    45.0,
                    -28.0,
                    2329.0,
                    393.0,
                    1891.0
                ],
                "sum": 4630.0
            },
            "total_revenue": {
                "values": [
                    2135.0
                ],
                "sum": 2135.0
            }
        },
        "Sep '19": {
            "total_income": {
                "values": [
                    8130.0
                ],
                "sum": 8130.0
            },
            "total_expenditure": {
                "values": [
                    2.0,
                    27.0,
                    2444.0,
                    393.0,
                    2486.0
                ],
                "sum": 5352.0
            },
            "total_revenue": {
                "values": [
                    2778.0
                ],
                "sum": 2778.0
            }
        },
        "Dec '19": {
            "total_income": {
                "values": [
                    8654.0
                ],
                "sum": 8654.0
            },
            "total_expenditure": {
                "values": [
                    46.0,
                    5.0,
                    2521.0,
                    566.0,
                    2580.0
                ],
                "sum": 5718.0
            },
            "total_revenue": {
                "values": [
                    2936.0
                ],
                "sum": 2936.0
            }
        },
        "Mar '20": {
            "total_income": {
                "values": [
                    9057.0
                ],
                "sum": 9057.0
            },
            "total_expenditure": {
                "values": [
                    51.0,
                    0.0,
                    2622.0,
                    600.0,
                    2805.0
                ],
                "sum": 6078.0
            },
            "total_revenue": {
                "values": [
                    2979.0
                ],
                "sum": 2979.0
            }
        },
        "Jun '20": {
            "total_income": {
                "values": [
                    8362.0
                ],
                "sum": 8362.0
            },
            "total_expenditure": {
                "values": [
                    31.0,
                    -7.0,
                    2650.0,
                    651.0,
                    2212.0
                ],
                "sum": 5537.0
            },
            "total_revenue": {
                "values": [
                    2825.0
                ],
                "sum": 2825.0
            }
        },
        "Sep '20": {
            "total_income": {
                "values": [
                    8658.0
                ],
                "sum": 8658.0
            },
            "total_expenditure": {
                "values": [
                    34.0,
                    -4.0,
                    2835.0,
                    659.0,
                    2054.0
                ],
                "sum": 5578.0
            },
            "total_revenue": {
                "values": [
                    3080.0
                ],
                "sum": 3080.0
            }
        },
        "Dec '20": {
            "total_income": {
                "values": [
                    9404.0
                ],
                "sum": 9404.0
            },
            "total_expenditure": {
                "values": [
                    60.0,
                    1.0,
                    2886.0,
                    719.0,
                    2250.0
                ],
                "sum": 5916.0
            },
            "total_revenue": {
                "values": [
                    3488.0
                ],
                "sum": 3488.0
            }
        },
        "Mar '21": {
            "total_income": {
                "values": [
                    9249.0
                ],
                "sum": 9249.0
            },
            "total_expenditure": {
                "values": [
                    17.0,
                    7.0,
                    3378.0,
                    784.0,
                    2834.0
                ],
                "sum": 7020.0
            },
            "total_revenue": {
                "values": [
                    2229.0
                ],
                "sum": 2229.0
            }
        },
        "Jun '21": {
            "total_income": {
                "values": [
                    9556.0
                ],
                "sum": 9556.0
            },
            "total_expenditure": {
                "values": [
                    29.0,
                    -13.0,
                    3440.0,
                    660.0,
                    2358.0
                ],
                "sum": 6474.0
            },
            "total_revenue": {
                "values": [
                    3082.0
                ],
                "sum": 3082.0
            }
        },
        "Sep '21": {
            "total_income": {
                "values": [
                    9786.0
                ],
                "sum": 9786.0
            },
            "total_expenditure": {
                "values": [
                    34.0,
                    6.0,
                    3751.0,
                    644.0,
                    2351.0
                ],
                "sum": 6786.0
            },
            "total_revenue": {
                "values": [
                    3000.0
                ],
                "sum": 3000.0
            }
        },
        "Dec '21": {
            "total_income": {
                "values": [
                    10662.0
                ],
                "sum": 10662.0
            },
            "total_expenditure": {
                "values": [
                    59.0,
                    -7.0,
                    4200.0,
                    728.0,
                    2510.0
                ],
                "sum": 7490.0
            },
            "total_revenue": {
                "values": [
                    3172.0
                ],
                "sum": 3172.0
            }
        },
        "Mar '22": {
            "total_income": {
                "values": [
                    10634.0
                ],
                "sum": 10634.0
            },
            "total_expenditure": {
                "values": [
                    33.0,
                    9.0,
                    4481.0,
                    583.0,
                    2285.0
                ],
                "sum": 7391.0
            },
            "total_revenue": {
                "values": [
                    3243.0
                ],
                "sum": 3243.0
            }
        },
        "Jun '22": {
            "total_income": {
                "values": [
                    10817.0
                ],
                "sum": 10817.0
            },
            "total_expenditure": {
                "values": [
                    31.0,
                    -5.0,
                    4661.0,
                    586.0,
                    2363.0
                ],
                "sum": 7636.0
            },
            "total_revenue": {
                "values": [
                    3181.0
                ],
                "sum": 3181.0
            }
        },
        "Sep '22": {
            "total_income": {
                "values": [
                    11424.0
                ],
                "sum": 11424.0
            },
            "total_expenditure": {
                "values": [
                    29.0,
                    -3.0,
                    4899.0,
                    560.0,
                    2546.0
                ],
                "sum": 8031.0
            },
            "total_revenue": {
                "values": [
                    3393.0
                ],
                "sum": 3393.0
            }
        },
        "Dec '22": {
            "total_income": {
                "values": [
                    12398.0
                ],
                "sum": 12398.0
            },
            "total_expenditure": {
                "values": [
                    83.0,
                    -7.0,
                    5100.0,
                    686.0,
                    2666.0
                ],
                "sum": 8528.0
            },
            "total_revenue": {
                "values": [
                    3870.0
                ],
                "sum": 3870.0
            }
        },
        "Mar '23": {
            "total_income": {
                "values": [
                    11637.0
                ],
                "sum": 11637.0
            },
            "total_expenditure": {
                "values": [
                    25.0,
                    3.0,
                    5139.0,
                    599.0,
                    2503.0
                ],
                "sum": 8269.0
            },
            "total_revenue": {
                "values": [
                    3368.0
                ],
                "sum": 3368.0
            }
        },
        "Jun '23": {
            "total_income": {
                "values": [
                    11451.0
                ],
                "sum": 11451.0
            },
            "total_expenditure": {
                "values": [
                    30.0,
                    7.0,
                    5185.0,
                    506.0,
                    2547.0
                ],
                "sum": 8275.0
            },
            "total_revenue": {
                "values": [
                    3176.0
                ],
                "sum": 3176.0
            }
        },
        "Sep '23": {
            "total_income": {
                "values": [
                    12059.0
                ],
                "sum": 12059.0
            },
            "total_expenditure": {
                "values": [
                    30.0,
                    8.0,
                    5305.0,
                    583.0,
                    2402.0
                ],
                "sum": 8328.0
            },
            "total_revenue": {
                "values": [
                    3731.0
                ],
                "sum": 3731.0
            }
        },
        "Dec '23": {
            "total_income": {
                "values": [
                    12531.0
                ],
                "sum": 12531.0
            },
            "total_expenditure": {
                "values": [
                    26.0,
                    -11.0,
                    5173.0,
                    678.0,
                    2506.0
                ],
                "sum": 8372.0
            },
            "total_revenue": {
                "values": [
                    4159.0
                ],
                "sum": 4159.0
            }
        },
        "Mar '24": {
            "total_income": {
                "values": [
                    12077.0
                ],
                "sum": 12077.0
            },
            "total_expenditure": {
                "values": [
                    49.0,
                    6.0,
                    5302.0,
                    604.0,
                    2677.0
                ],
                "sum": 8638.0
            },
            "total_revenue": {
                "values": [
                    3439.0
                ],
                "sum": 3439.0
            }
        },
        "Jun '24": {
            "total_income": {
                "values": [
                    11784.0
                ],
                "sum": 11784.0
            },
            "total_expenditure": {
                "values": [
                    31.0,
                    14.0,
                    5405.0,
                    571.0,
                    2636.0
                ],
                "sum": 8657.0
            },
            "total_revenue": {
                "values": [
                    3127.0
                ],
                "sum": 3127.0
            }
        },
        "Sep '24": {
            "total_income": {
                "values": [
                    12615.0
                ],
                "sum": 12615.0
            },
            "total_expenditure": {
                "values": [
                    34.0,
                    2.0,
                    5501.0,
                    559.0,
                    2457.0
                ],
                "sum": 8553.0
            },
            "total_revenue": {
                "values": [
                    4062.0
                ],
                "sum": 4062.0
            }
        }
    },
    "Total Revenue": [
        1498.71,
        1442.3700000000003,
        1592.13,
        2286.9799999999996,
        1728.0500000000002,
        1792.7300000000005,
        1674.3999999999996,
        1489.25,
        1491.4399999999996,
        1692.7200000000003,
        1732.6800000000003,
        2015.7000000000003,
        1860.2000000000007,
        1902.3200000000002,
        1677.8299999999995,
        1981.0,
        2115.0,
        2247.0,
        2103.0,
        2167.0,
        2377.0,
        2270.0,
        2328.0,
        2135.0,
        2778.0,
        2936.0,
        2979.0,
        2825.0,
        3080.0,
        3488.0,
        2229.0,
        3082.0,
        3000.0,
        3172.0,
        3243.0,
        3181.0,
        3393.0,
        3870.0,
        3368.0,
        3176.0,
        3731.0,
        4159.0,
        3439.0,
        3127.0,
        4062.0
    ]
}